<?xml version="1.0" encoding="UTF-8"?><collection xmlns="http://www.loc.gov/MARC21/slim"><record><leader>00391nam--2200133-i-4500</leader><controlfield tag="001">000029557</controlfield><controlfield tag="002">20161230</controlfield><controlfield tag="005">20161230201037</controlfield><controlfield tag="008">060222s1000------------r-----000-0-eng-d</controlfield><datafield ind1=" " ind2=" " tag="080"><subfield code="a">621.311</subfield></datafield><datafield ind1=" " ind2=" " tag="100"><subfield code="a">Lacinov, N.V</subfield></datafield><datafield ind1=" " ind2=" " tag="245"><subfield code="a">Calauza mecanicului monter de conducte din centralele electrice.traducere din lb.rusa</subfield></datafield><datafield ind1=" " ind2=" " tag="260"><subfield code="a">Bucuresti, Editura Energetica De Stat, 1954. 108p</subfield></datafield><datafield ind1=" " ind2=" " tag="852"><subfield code="a">3295</subfield></datafield></record></collection>